% Encoding: UTF-8


@Misc{Intro01,
  author = {DAVID HOFFER},
  title  = {What Does Big Data Look Like? Visualization Is Key for Humans},
  year   = {2017},
  url    = {https://www.wired.com/insights/2014/01/big-data-look-like-visualization-key-humans/},
}

@Misc{Intro02,
  author = {Eileen Quenin},
  title  = {Data Visualization},
  year   = {2015},
  url    = {https://theartofservicelab.s3.amazonaws.com/All%20Toolkits/The%20Data%20Visualization%20Toolkit/Act%20-%20Recommended%20Reading/Data%20Visualization_2015-10-06_13-01-28.ppt},
}

@Misc{Intro03,
  author = {Vitaly Friedman},
  title  = {Data Visualization and Infographics},
  year   = {2008},
  url    = {https://www.smashingmagazine.com/2008/01/monday-inspiration-data-visualization-and-infographics/},
}

@Misc{Table01,
  author = {Wikipidea},
  title  = {Data visualization},
  year   = {2017},
  url    = {https://en.wikipedia.org/wiki/Data_visualization},
}

@Misc{Tableau,
  author = {Bernard Marr},
  title  = {The 7 Best Data Visualization Tools In 2017},
  year   = {2017},
  url    = {https://www.forbes.com/sites/bernardmarr/2017/07/20/the-7-best-data-visualization-tools-in-2017/#3a26fe4c6c30},
}

@Misc{Qlikview,
  author = {Qlikview-India},
  title  = {What is QlikView and What makes it Unique},
  year   = {2013},
  url    = {https://www.slideshare.net/QlikView-India/what-is-qlik-view-and-what-makes-it-unique},
}

@Misc{Spotfire,
  author = {intellipat},
  title  = {What is spotfire?},
  year   = {2017},
  url    = {https://intellipaat.com/blog/what-is-spotfire/},
}

@Misc{MS,
  author = {Information Week},
  title  = {Microsoft Business Intelligence Consulting},
  year   = {2015},
  url    = {http://www.innoventsolutions.com/microsoft-bi-consulting.html},
}

@Misc{compare,
  author = {Andrei Pandre},
  title  = {Comparison},
  year   = {2013},
  url    = {https://apandre.wordpress.com/tools/comparison/},
}


@Misc{cognos,
  author = {Penny Swords},
  title  = {Top 8 reasons to move to IBM Cognos Analytics},
  year   = {2016},
  url    = {https://www.linkedin.com/pulse/top-8-reasons-move-ibm-cognos-analytics-penny-swords/},
}

@Misc{SAP,
  author = {Dr. Berg},
  title  = {SAP Lumira - An Introduction},
  year   = {2014},
  url    = {http://sapinsider.wispubs.com/Assets/Blogs/2014/July/Intro-to-SAP-Lumira-by-Dr-Berg},
}



@Comment{jabref-meta: databaseType:bibtex;}
