% Encoding: UTF-8

@Book{Book01,
  title     = {Weather Prediction by Numerical Process},
  publisher = {Cambridge University Press},
  year      = {1922},
  author    = {Richardson, L. F.},
}

@Misc{History01,
  author = {Chris Robbins},
  title  = {A Brief History of Weather Forecasting},
  year   = {2015},
  url    = {http://www.iweathernet.com/educational/history-weather-forecasting},
}

@Misc{Zdnet,
  author = {Manek Dubash},
  title  = {Big data and the weather forecast},
  year   = {2016},
  url    = {http://www.zdnet.com/article/big-data-and-the-weather-forecast/},
}

@Misc{Deep01,
  author = {IBM},
  title  = {Deep Thunder},
  year   = {2012},
  url    = {http://www-03.ibm.com/ibm/history/ibm100/us/en/icons/deepthunder/},
}

@Misc{Coclus01,
  author = {Alan Anderson, David Semmelroth},
  title  = {BIG DATA AND WEATHER FORECASTING},
  year   = {2015},
  url    = {http://www.dummies.com/programming/big-data/data-science/big-data-and-weather-forecasting/},
}

@Misc{Hyref01,
  author = {IBM},
  title  = {Smarter Energy solution suit},
  year   = {2016},
  url    = {http://research.ibm.com/labs/china/smarter_energy.html},
}

@Misc{Hyref02,
  author = {Rolf Gibbels},
  title  = {IBM's Hybrid Renewable Energy Forecaster},
  year   = {2013},
  url    = {http://www.altenergymag.com/content.php?post_type=2129},
}

@Misc{Hyref04,
  author = {IBM},
  title  = {IBM's HyRef Seeks to Solve Wind's Intermittency Problem},
  year   = {2013},
  url    = {http://www.renewableenergyworld.com/articles/2013/08/ibms-hyref-seeks-to-solve-winds-intermittency-problem.html},
}

@Misc{Conclu02,
  author = {Information Week},
  title  = {Weather Analytics},
  year   = {2014},
  url    = {https://www.informationweek.com/big-data/big-data-analytics/3-ways-big-data-supercomputing-change-weather-forecasting/a/d-id/1269439)},
}

@Misc{Hyref03,
  author = {Michael Graham Richard},
  title  = {Better short-time local weather prediction cheaper renewable energy},
  year   = {2013},
  url    = {https://www.treehugger.com/renewable-energy/better-short-time-weather-prediction-cheaper-renewable-energy.html},
}

@Misc{Hadoop01,
  author = {NASA},
  title  = {Applying Apache Hadoop to NASA's Big Climate Data},
  year   = {2015},
  url    = {http://events.linuxfoundation.org/sites/events/files/slides/ApacheCon_NASA_Hadoop.pdf},
}

@Comment{jabref-meta: databaseType:bibtex;}
